<?xml version="1.0" encoding="UTF-8"?><collection xmlns="http://www.loc.gov/MARC21/slim"><record><leader>00491nam--2200181-i-4500</leader><controlfield tag="001">000011509</controlfield><controlfield tag="002">20161230</controlfield><controlfield tag="005">20161230201029</controlfield><controlfield tag="008">060222s1000------------r-----000-0-eng-d</controlfield><datafield ind1=" " ind2=" " tag="040"><subfield code="a">IFIN-HH</subfield></datafield><datafield ind1=" " ind2=" " tag="080"><subfield code="a">532.783</subfield></datafield><datafield ind1="1" ind2=" " tag="100"><subfield code="a">De Gennes, P.G</subfield></datafield><datafield ind1="1" ind2="0" tag="245"><subfield code="a">The physics of liquid crystals</subfield><subfield code="c">P.G. de Gennes</subfield></datafield><datafield ind1=" " ind2=" " tag="260"><subfield code="a">Oxford, Clarendon Press, 1974</subfield></datafield><datafield ind1=" " ind2=" " tag="300"><subfield code="a">XI+333P</subfield></datafield><datafield ind1=" " ind2=" " tag="490"><subfield code="a">The International Series Of Monographson Physics</subfield></datafield><datafield ind1=" " ind2=" " tag="852"><subfield code="a">42689</subfield><subfield code="c">532</subfield></datafield><datafield ind1=" " ind2=" " tag="CAT"><subfield code="a">Sys</subfield><subfield code="c">20100720</subfield><subfield code="h">133619</subfield></datafield></record></collection>